@article{AnalizaAlgorytmówŚcieżek,
  author = {Beata Laszkiewicz and  Tomasz Sobczak},
  journal = {Biuletyn Naukowy Wrocławskiej Wyższej Szkoły Informatyki Stosowanej. Informatyka},
  title = {Analiza i implementacja algorytmów odnajdywania ścieżki do zastosowania w~grach przeglądarkowych},
  year = {2022},
  url = {https://atins.pl/images/wydawnictwo/2022/AnalizaImpAlg.pdf},
}

@manual{application_note_I2C_AD,
  author = {Jum Greene},
  title = {Implementing an I2C® Reset},
  number = {AN-686},
  organization = {Analog Devices},
  year = {2003},
  url = {https://www.analog.com/media/en/technical-documentation/application-notes/54305147357414AN686_0.pdf},
}

@manual{I2C_manual_NXP,
  title = {I2C-bus specification and user manual},
  organization = {NXP Semiconductors},
  year = {2021},
  url = {https://www.nxp.com/docs/en/user-guide/UM10204.pdf},
}


@article{Simple_PathSmoothing,
  author = {James Teow},
  journal = {Medium},
  title = {Understanding Robot Motion: Path Smoothing},
  year = {2018},
  url = {https://medium.com/@jaems33/understanding-robot-motion-path-smoothing-5970c8363bc4},
}

@article{Compare_PathSmoothing,
  author = {Abhijeet Ravankar and Ankit A Ravankar and Yukinori Kobayashi and Yohei Hoshino and Chao-Chung Peng},
  journal = {Sensors (Basel)},
  title = {Path Smoothing Techniques in Robot Navigation: State-of-the-Art, Current and Future Challenges},
  year = {2018},
  url = {https://pmc.ncbi.nlm.nih.gov/articles/PMC6165411/#sec3-sensors-18-03170title},
}

@article{Compare_PathSmoothing2,
  author = {Eric Heiden and Luigi Palmieri and Sven Koenig and Kai O. Arras2 and Gaurav S. Sukhatme},
  jurnal = {iliad project},
  title = {Gradient-Informed Path Smoothing for Wheeled Mobile Robots},
  year = {2018},
  url = {https://iliad-project.eu/wp-content/uploads/2018/03/heidenPalmieriICRA2018.pdf},
}


@article{maze_storage,
  author = {Minikirani Amaya Dharmasiri},
  journal = {Medium},
  title = {Algorithm-Maze traversal},
  year = {2019},
  url = {https://medium.com/@minikiraniamayadharmasiri/micromouse-from-scratch-algorithm-maze-traversal-shortest-path-floodfill-741242e8510}
}


@article{IMU,
  author = {Rafał Grygiel and Robert Bieda and Konrad Wojciechowski},
  year = {2014},
  title = {Metody wyznaczania kątów z żyroskopów dla filtru komplementarnego na potrzeby określania orientacji IMU},
  jurnal = {Przegląd elektrotechniczny},
  number = {NR 9/2014},
  url = {http://pe.org.pl/articles/2014/9/52.pdf}
}


@article{vector_map,
  author = {Ales Jelinek},
  title = {Vector Maps in Mobile Robotics},
  year = {2015},
  jurnal = {Acta Polytechnica CTU Proceedings},
  url = {https://www.researchgate.net/publication/293013863_VECTOR_MAPS_IN_MOBILE_ROBOTICS}
  }



@manual{MPU6050_datasheet,
  organization = {Invensense},
  title = {MPU-6000 and MPU-6050 Product Specification Revision 3.4},
  year = {2013},
  url = {https://invensense.tdk.com/wp-content/uploads/2015/02/MPU-6000-Datasheet1.pdf}
}

@manual{MPU6050_register_map,
  organization = {Invensense},
  title = {MPU-6000 and MPU-6050 Register Map and Descriptions Revision 4.2},
  year = {2013},
  url = {https://invensense.tdk.com/wp-content/uploads/2015/02/MPU-6000-Register-Map1.pdf}
}

@manual{Magnetometer,
  organization = {QST Corporation},
  title = {3-Axis Magnetic Sensor QMC5883L},
  year = {2016},
  url = {https://www.lcsc.com/datasheet/lcsc_datasheet_2012221837_QST-QMC5883L_C976032.pdf}
}

@manual{ToF,
  organization = {ST Microelectronics},
  title = {Time-of-Flight ranging sensor, VL53L0X},
  year = {2024},
  url = {https://www.st.com/resource/en/datasheet/vl53l0x.pdf}
}

@manual{HBridne,
  organization = {ST Microelectronics},
  title = {Dual full-bridge driver, L298},
  year = {2013},
  url = {https://www.st.com/resource/en/datasheet/l298.pdf}
}

@manual{SPI_memory,
  organization = {Winbond},
  title = {Serial flash memory with dual, quad SPI, W25Q32JV},
  year = {2016},
  url = {https://www.winbond.com/resource-files/w25q32jv%20spi%20revc%2008302016.pdf}
}

@manual{MG90,
  title = {MG90 datasheet},
  url = {https://www.electronicoscaldas.com/datasheet/MG90S_Tower-Pro.pdf}
}

@manual{SPI,
  organization = {Texas Instruments},
  title = {KeyStone Architecture Serial Peripheral Interface (SPI)},
  year = {2012},
  url = {https://www.ti.com/lit/ug/sprugp2a/sprugp2a.pdf}
}